@book{conover1998practical,
  title={Practical nonparametric statistics},
  author={Conover, William Jay},
  volume={350},
  year={1998},
  publisher={John Wiley \& Sons}
}

@book{montgomery2021introduction,
  title={Introduction to linear regression analysis},
  author={Montgomery, Douglas C and Peck, Elizabeth A and Vining, G Geoffrey},
  year={2021},
  publisher={John Wiley \& Sons}
}

@book{gibbons2020nonparametric,
  title={Nonparametric statistical inference},
  author={Gibbons, Jean Dickinson and Chakraborti, Subhabrata},
  year={2020},
  publisher={CRC press}
}
@book{Tesisdelicenciatura2019Estadística,
  title={Estadística no Paramétrica y 
Análisis de Regresión. Una introducción para estudiantes de la licenciatura de actuaría.},
  author={Rodríguez Torres Omar},
  year={2019},
  publisher={UNAM}
}
